@Misc{odkaz:iotsecurity,
	author = 		"Shahid Raza, Simon Duquennoy, Joel Höglund, Utz Roedig, Thiemo Voigt",
	title = 		"Secure communication IoT",
	howpublished = 	"online",
	revised = 		"Poslední změna: 18 January 2012",
	cited = 		"!2017-12-20",
	url = 			"http://onlinelibrary.wiley.com/doi/10.1002/sec.406/full",
}

@Misc{odkaz:micropython,
	author = 		"Damien P. George, Paul Sokolovsky",
	title = 		"Micropython documentation",
	howpublished = 	"online",
	revised = 		"Poslední změna: 20 Dec 2017",
	cited = 		"!2017-12-20",
	url = 			"https://docs.micropython.org/en/latest/esp8266/esp8266/tutorial/index.html",
}
