@Misc{odkaz:cpsk,
	author = 		"",
	title = 		"cp.sk",
	howpublished = 	"online",
	revised = 		"Poslední změna: neznáme",
	cited = 		"!2017-12-03",
	url = 			"https://cp.hnonline.sk/vlak/spojenie/",
}

@Misc{odkaz:slovakrail,
	author = 		"Železničná spoločnosť Slovensko, a.s.",
	title = 		"slovakrail.sk",
	howpublished = 	"online",
	revised = 		"Poslední změna: neznáme",
	cited = 		"!2017-12-03",
	url = 			"http://www.slovakrail.sk/",
}

@Misc{odkaz:simulacia,
	author = 		"Petr Peringer, Martin Hrubý",
	title = 		"Modelovaní s simulace",
	howpublished = 	"online",
	revised = 		"Poslední změna: 17. října 2017",
	cited = 		"!2017-12-03",
	url = 			"https://www.fit.vutbr.cz/study/courses/IMS/public/prednasky/IMS.pdf",
}

@Misc{odkaz:blablacar,
	author = 		"BlaBlaCar",
	title = 		"BlaBlaCar",
	howpublished = 	"online",
	revised = 		"Poslední změna: 2017",
	cited = 		"!2017-12-03",
	url = 			"https://www.sk.blablacar.com/",
}

@Misc{odkaz:simlib,
	author = 		"Petr Peringer",
	title = 		"Simlib",
	howpublished = 	"online",
	revised = 		"Poslední změna: 4. October 2017",
	cited = 		"!2017-12-03",
	url = 			"http://www.fit.vutbr.cz/~peringer/SIMLIB/",
}

@Misc{odkaz:cpskapi,
	author = 		"Róbert Kolcún",
	title = 		"cpsk-api",
	howpublished = 	"online",
	revised = 		"Poslední změna: Nov 24, 2017",
	cited = 		"!2017-12-03",
	url = 			"https://github.com/NoName115/cpsk-api",
}
