@Book{kniha:Rybicka,
	author = 	"Rybička, Jiří",
	title = 	"{{\LaTeX}} pro začátečníky",
	publisher = "Konvoj",
	year = 		"2003",
	edition = 	"3",
	address = 	"Brno",
	isbn = 		"80--7302--049--1",
}

@Book{kniha:Friedl,
	author = 	"Friedl, Friedrich",
	title = 	"Typography : an Encyclopedic Survey of Type Design and Techniques Throughout History",
	publisher = "Black Dog \& Leventhal Distributed by Workman Pub. Co",
	year = 		"1998",
	address = 	"New York",
	isbn = 		"1-57912-023-7"
}

@Book{kniha:MacLennan,
	author = 	"MacLennan, Bruce",
	title = 	"Principles of programming languages : design, evaluation, and implementation",
	publisher = "Oxford University Press",
	year = 		"1999",
	address = 	"New York",
	isbn = 		"0-19-511306-3"
}

@Misc{odkaz:Martinek,
	author = 		"Martinek, David",
	title = 		"{{\LaTeX}}ové speciality",
	howpublished = 	"online",
	revised = 		"Poslední změna: 25. únor 2010",
	cited = 		"!2016-04-08",
	url = 			"http://www.fit.vutbr.cz/{{\verb|~|}}martinek/latex/index.html",
}

@BachelorThesis{bakalarka:Korekce,
	author = 	"Jakub Fiala",
	title = 	"Korekce dle typografických pravidel a jejich výuka",
	school = 	"Masarykova univerzita, Fakulta~Informatiky",
	year = 		"2011",
	address = 	"Brno",
	type = 		"Bakalárská práca",
}

@MasterThesis{diplomovka:Znakovesady,
	author = 	"Martin Černý",
	title = 	"Znakové sady v~typografických systémech",
	school = 	"Mendelová zemědělská a lesnická univerzite v~Brně, Fakulta~provozně ekonomická",
	year = 		"1999",
	address = 	"Brno",
	type = 		"Diplomová práca",
}

@Article{prop:Computing,
	author = 	"IEEE",
	title = 	"Annals of the History of Computing",
	journal = 	"IEEE Computer Society",
	year = 		"1998",
	number = 	"2",
	pages = 	"30-34",
	issn = 		"1058-6180",
}

@Misc{odkaz:Microsoft,
	author = 		"Beat Stamm",
	title = 		"The raster tragedy at low resolution or: why correct math looks wrong on screen and how to fix it",
	howpublished =	"online",
	revised = 		"Poslední změna: brězen 1998",
	cited = 		"!2016-04-08",
	url = 			"https://www.microsoft.com/typography/tools/trtalr.aspx",
}

@Misc{odkaz:Foundation,
	author =		"Robert Harper",
	title =			"Practical Foundations for Programming Languages",
	howpublished =	"online",
	revised = 		"Poslední změna: 2012",
	cited =			"2016-04-08",
	url =			"https://www.cs.cmu.edu/{{\verb|~|}}rwh/plbook/book.pdf",
}

@Article{prop:Normy,
	author = 	"Ladislav Šmejkal",
	title = 	"Esperanto programátorů PLC: programování podle normy IEC/EN 61131-3 (část 1)",
	journal = 	"Automa",
	year = 		"2011",
	number = 	"8",
	pages = 	"58-59",
}
